@article{article:Luenberger1967,
  author  = {David G. Luenberger},
  journal = {IEEE Transactions on Automatic Control},
  title   = {Canonical forms for linear multivariable systems},
  year    = {1967},
  volume  = {12},
  number  = {3},
  pages   = {290-293},
  doi     = {10.1109/TAC.1967.1098584}
}

@article{article:Francis1975,
  author  = {B. A Francis and W. M Wonham},
  journal = {Applied Mathematics and Optimization},
  title   = {The internal model principle for linear multivariable regulators},
  year    = {1975},
  volume  = {2},
  number  = {2},
  pages   = {170-194},
  doi     = {10.1007/BF01447855}
}

@article{article:Francis1976,
  author  = {B. A. Francis and W. M. Wonham},
  journal = {Automatica},
  title   = {The internal model principle of control theory},
  year    = {1976},
  volume  = {12},
  number  = {5},
  pages   = {457-465},
  doi     = {10.1016/0005-1098(76)90006-6}
}

@article{article:Moore1976,
  author  = {B. Moore},
  journal = {IEEE Transactions on Automatic Control},
  title   = {On the flexibility offered by state feedback in multivariable systems beyond closed loop eigenvalue assignment},
  year    = {1976},
  volume  = {21},
  number  = {5},
  pages   = {689-692},
  doi     = {10.1109/TAC.1976.1101355}
}

@article{article:ADF1979,
  title     = {Distribution of the Estimators for Autoregressive Time Series With a Unit Root},
  author    = {David A. Dickey and Wayne A. Fuller},
  year      = {1979},
  journal   = {Journal of the American Statistical Association},
  number    = {366},
  pages     = {427-431},
  volume    = {74},
  publisher = {[American Statistical Association, Taylor & Francis, Ltd.]},
  doi       = {10.2307/2286348}
}

@article{article:ADF1981,
  title     = {Likelihood Ratio Statistics for Autoregressive Time Series with a Unit Root},
  author    = {David A. Dickey and Wayne A. Fuller},
  year      = {1981},
  journal   = {Econometrica},
  number    = {4},
  volume    = {49},
  pages     = {1057-1072},
  publisher = {[Wiley, Econometric Society]},
  doi       = {10.2307/1912517}
}

@article{article:Champetier1989,
  author  = {Calixte Champetier and Jean-François Magni},
  journal = {Rech. Aérosp.},
  title   = {Analyse et synthèse de lois de commande modales},
  year    = {1989}
}

@article{article:KPSS1992,
  author  = {Denis Kwiatkowski and Peter C. B. Phillips and Peter Schmidt and Yongcheol Shin},
  title   = {Testing the null hypothesis of stationarity against the alternative of a unit root: How sure are we that economic time series have a unit root?},
  journal = {Journal of Econometrics},
  volume  = {54},
  number  = {1},
  pages   = {159-178},
  year    = {1992},
  doi     = {10.1016/0304-4076(92)90104-Y}
}

@article{article:Utkin1993,
  title   = {Sliding mode control design principles and applications to electric drives},
  author  = {V. I. Utkin},
  year    = {1993},
  journal = {IEEE Transactions on Industrial Electronics},
  volume  = {40},
  number  = {1},
  pages   = {23-36},
  doi     = {10.1109/41.184818}
}

@article{article:Jung1996,
  title   = {Discrete sliding-mode control of a {PWM} inverter for sinusoidal output waveform synthesis with optimal sliding curve},
  author  = {Shih-Liang Jung and  Ying-Yu Tzou},
  year    = {1996},
  journal = {IEEE Transactions on Power Electronics},
  volume  = {11},
  number  = {4},
  pages   = {567-577},
  doi     = {10.1109/63.506122}
}

@article{article:Abdel1996,
  author  = {N. M. {Abdel-Rahim} and J. E. Quaicoe},
  journal = {IEEE Transactions on Power Electronics},
  title   = {Analysis and design of a multiple feedback loop control strategy for single-phase voltage-source {UPS} inverters},
  year    = {1996},
  volume  = {11},
  number  = {4},
  pages   = {532-541},
  doi     = {10.1109/63.506118}
}

@article{article:Scherer1997,
  author  = {C. Scherer, and P. Gahinet. and M. Chilali},
  journal = {IEEE Transactions on Automatic Control},
  title   = {Multiobjective output-feedback control via LMI optimization},
  year    = {1997},
  volume  = {42},
  number  = {7},
  pages   = {896-911},
  doi     = {10.1109/9.599969}
}

@article{article:Ryan1997,
  author  = {M. J. Ryan and W. E. Brumsickle and R. D. Lorenz},
  title   = {Control topology options for single-phase {UPS} inverters},
  journal = {IEEE Transactions on Industry Applications},
  year    = {1997},
  volume  = {33},
  number  = {2},
  pages   = {493-501},
  doi     = {10.1109/28.568015}
}

@article{article:Buso2001,
  author  = {S. Buso and S. Fasolo and P. Mattavelli},
  title   = {Uninterruptible power supply multiloop control employing digital predictive voltage and current regulators},
  year    = {2001},
  journal = {IEEE Transactions on Industry Applications},
  volume  = {37},
  number  = {6},
  pages   = {1846-1854},
  doi     = {10.1109/28.968200}
}

@article{article:Campi2002,
  author  = {M. C. Campi and A. Lecchini and S. M. Savaresi},
  title   = {Virtual reference feedback tuning: a direct method for the design of feedback controllers},
  year    = {2002},
  journal = {Automatica},
  volume  = {38},
  number  = {8},
  pages   = {1337-1346},
  doi     = {10.1016/S0005-1098(02)00032-8}
}

@article{article:Park2003,
  title   = {A new single-phase five-level {PWM} inverter employing a deadbeat control scheme},
  author  = {Sung-Jun {Park} and Feel-Soon {Kang} and Man Hyung {Lee} and Cheul-U {Kim}},
  year    = {2003},
  journal = {IEEE Transactions on Power Electronics},
  volume  = {18},
  number  = {3},
  pages   = {831-843},
  doi     = {10.1109/TPEL.2003.810837}
}

@article{article:Loh2003,
  title   = {A comparative analysis of multiloop voltage regulation strategies for single and three-phase {UPS} systems},
  author  = {Poh Chiang {Loh} and M. J. {Newman} and D. N. {Zmood} and D. G. {Holmes}},
  year    = {2003},
  journal = {IEEE Transactions on Power Electronics},
  volume  = {18},
  number  = {5},
  pages   = {1176-1185},
  doi     = {10.1109/TPEL.2003.816199}
}

@article{article:Coutinho2004,
  author  = {Coutinho, Daniel F. and Bazanella, Alexandre S. and Trofino, A. and {e Silva}, A. S.},
  year    = {2004},
  pages   = {1301-1326},
  title   = {Stability analysis and control of a class of differential-algebraic nonlinear systems},
  volume  = {14},
  journal = {International Journal of Robust and Nonlinear Control},
  doi     = {10.1002/rnc.950}
}

@article{article:Escobar2005,
  title   = {A repetitive-based controller for the boost converter to compensate the harmonic distortion of the output Voltage},
  author  = {G. Escobar and J. Leyva-Ramos and P. R. Martinez and A. A. Valdez},
  year    = {2005},
  journal = {IEEE Transactions on Control Systems Technology},
  volume  = {13},
  number  = {3},
  pages   = {500-508},
  doi     = {10.1109/TCST.2004.841666}
}

@article{article:Mattavelli2005,
  title   = {An improved deadbeat control for {UPS} using disturbance observers},
  author  = {P. Mattavelli},
  year    = {2005},
  journal = {IEEE Transactions on Industrial Electronics},
  volume  = {52},
  number  = {1},
  pages   = {206-212},
  doi     = {10.1109/TIE.2004.837912}
}

@article{article:Teodorescu2006,
  title     = {Proportional-resonant controllers and filters for grid-connected voltage-source converters},
  author    = {R. Teodorescu and F. Blaabjerg and Marco Liserre and P. C. Loh},
  year      = {2006},
  journal   = {IEE Proceedings - Electric Power Applications},
  volume    = {153},
  number    = {5},
  pages     = {750-762},
  address   = {Londres, Inglaterra},
  doi       = {10.1049/ip-epa:20060008},
  publisher = {IEE}
}

@article{article:Escobar2007,
  title   = {Repetitive-Based Controller for a {UPS} Inverter to Compensate Unbalance and Harmonic Distortion},
  author  = {G. {Escobar} and A. A. {Valdez} and J. {Leyva-Ramos} and P. {Mattavelli}},
  year    = {2007},
  journal = {IEEE Transactions on Industrial Electronics},
  volume  = {54},
  number  = {1},
  pages   = {504-510},
  doi     = {10.1109/TIE.2006.888803}
}

@article{article:Willmann2007,
  title   = {Multiple-Loop H-Infinity Control Design for Uninterruptible Power Supplies},
  author  = {Gustavo Willmann and Daniel Ferreira Coutinho and Luís Fernando Alves Pereira and Fausto Bastos Libano},
  year    = {2007},
  journal = {IEEE Transactions on Industrial Electronics},
  volume  = {54},
  number  = {3},
  pages   = {1591-1602},
  doi     = {10.1109/TIE.2007.894721}
}

@article{article:Cortes2009,
  author  = {Patricio Cortes and Gabriel Ortiz and Juan I. Yuz and José Rodriguez and Sergio Vazquez and Leopoldo G. Franquelo},
  title   = {Model Predictive Control of an Inverter With Output {$LC$} Filter for {UPS} Applications},
  year    = {2009},
  journal = {IEEE Transactions on Industrial Electronics},
  volume  = {56},
  number  = {6},
  pages   = {1875-1883},
  doi     = {10.1109/TIE.2009.2015750}
}

@article{article:Gevers2009,
  author  = {Michel Gevers and Alexandre Sanfelice Bazanella and Xavier Bombois and Ljubisa Miskovic},
  title   = {Identification and the Information Matrix: How to Get Just Sufficiently Rich?},
  year    = {2009},
  journal = {IEEE Transactions on Automatic Control},
  volume  = {54},
  number  = {12},
  pages   = {2828-2840},
  doi     = {10.1109/TAC.2009.2034199}
}

@article{article:Timbus2009,
  title   = {Evaluation of Current Controllers for Distributed Power Generation Systems},
  author  = {Adrian Timbus and Marco Liserre and Remus Teodorescu and Pedro Rodriguez and Frede Blaabjerg},
  year    = {2009},
  journal = {IEEE Transactions on Power Electronics},
  volume  = {24},
  number  = {3},
  pages   = {654-664},
  doi     = {10.1109/TPEL.2009.2012527}
}

@article{article:Coutinho2010,
  title     = {Computing estimates of the region of attraction for rational control systems with saturating actuators},
  author    = {Daniel F. Coutinho and João Manoel {Gomes da Silva Jr}},
  year      = {2010},
  journal   = {IET Control Theory \& Applications},
  issue     = {3},
  volume    = {4},
  pages     = {315-325},
  doi       = {10.1049/iet-cta.2008.0314},
  publisher = {Institution of Engineering {and} Technology}
}

@article{article:Xu2013,
  title   = {A Current Decoupling Parallel Control Strategy of Single-Phase Inverter With Voltage and Current Dual Closed-Loop Feedback},
  author  = {Shungang Xu and Jinping Wang and Jianping Xu},
  year    = {2013},
  journal = {IEEE Transactions on Industrial Electronics},
  volume  = {60},
  number  = {4},
  pages   = {1306-1313},
  doi     = {10.1109/TIE.2011.2161660}
}

@article{article:Pereira2014,
  title   = {Multiple Resonant Controllers for Uninterruptible Power Supplies --- A Systematic Robust Control Design Approach},
  author  = {Pereira, Luís Fernando Alves and Flores, Jeferson Vieira and Bonan, Guilherme and Coutinho, Daniel Ferreira and Gomes da Silva Jr, João Manoel},
  year    = {2014},
  journal = {IEEE Transactions on Industrial Electronics},
  volume  = {61},
  number  = {3},
  pages   = {1528-1538},
  doi     = {10.110/TIE.2013.2259781}
}

@article{article:Aamir2016,
  title   = {Review: Uninterruptible Power Supply ({UPS}) system},
  author  = {Muhammad Aamir and Kafeel {Ahmed Kalwar} and Saad Mekhilef},
  year    = {2016},
  journal = {Renewable and Sustainable Energy Reviews},
  volume  = {58},
  pages   = {1395-1410},
  doi     = {10.1016/j.rser.2015.12.335}
}

@article{article:Razi2017,
  title   = {Multi-loop control of {UPS} inverter with a plug-in odd-harmonic repetitive controller},
  author  = {Reza Razi and Mohammad-Sadegh Karbasforooshan and Mohammad Monfared},
  year    = {2017},
  journal = {ISA Transactions},
  volume  = {67},
  pages   = {496-506},
  doi     = {10.1016/j.isatra.2017.01.019}
}

@article{article:Silva2019,
  title   = {Data-Driven {LQR} Control Design},
  author  = {Gustavo R. {Gonçalves da Silva} and Alexandre S. Bazanella and Charles Lorenzini and Lucíola Campestrini},
  year    = {2019},
  journal = {IEEE Control Systems Letters},
  volume  = {3},
  number  = {1},
  pages   = {180-185},
  doi     = {10.1109/LCSYS.2018.2868183}
}

@article{article:Keiel2019,
  title   = {Affine discretization methods for the digital resonant control of uninterruptible power supplies},
  author  = {Keiel, Guilherme and Flores, Jeferson Vieira and Lorenzini, Charles and Pereira, Luís Fernando Alves and Salton, Aurélio Tergolina},
  year    = {2019},
  journal = {Journal of the Franklin Institute},
  volume  = {356},
  number  = {15},
  pages   = {8646-8664},
  doi     = {10.1016/j.jfranklin.2019.08.037}
}

@article{article:Lorenzini2020,
  title   = {A Generalized Forced Oscillation Method for Tuning Proportional-Resonant Controllers},
  author  = {Charles Lorenzini and Luís Fernando Alves Pereira and Alexandre Sanfelice Bazanella},
  year    = {2020},
  journal = {IEEE Transactions on Control Systems Technology},
  volume  = {28},
  number  = {3},
  pages   = {1108-1115},
  doi     = {10.1109/TCST.2019.2898836}
}

@article{article:Chrystian2020,
  title     = {Virtual reference feedback tuning applied to cascade control},
  author    = {Chrystian L. Remes and Ricardo E. Binz and Jeferson V. Flores and Lucíola Campestrini},
  year      = {2020},
  journal   = {IET Control Theory \& Applications},
  volume    = {14},
  number    = {20},
  pages     = {3738-3746},
  publisher = {Institution of Engineering {and} Technology},
  doi       = {10.1049/iet-cta.2020.0620}
}

@article{article:Mossmann2021,
  title   = {Tuning of Proportional-Resonant Controllers Combined with Phase-Lead Compensators Based on the Frequency Response},
  author  = {Bruno Henz Mossmann and Luís Fernando Alves Pereira and João Manoel {Gomes da Silva Jr}},
  year    = {2021},
  journal = {Journal of Control, Automation and Electrical Systems},
  volume  = {32},
  number  = {4},
  pages   = {910-926},
  doi     = {10.1007/s40313-021-00728-7}
}

@article{article:Lin2022,
  title   = {Selective Pole Placement and Cancellation for Proportional–Resonant Control Design Used in Voltage Source Inverter},
  author  = {Lin, Bowei and Peng, Li and Liu, Xinmin},
  year    = {2022},
  journal = {IEEE Transactions on Power Electronics},
  volume  = {37},
  number  = {8},
  pages   = {8921-8934},
  doi     = {10.1109/TPEL.2022.3151508}
}

@article{article:Lorenzini2022,
  title   = {Single-Phase Uninterruptible Power Supply Control: A Model-Free Proportional-Multiresonant Method},
  author  = {Lorenzini, Charles and Pereira, Luís Fernando Alves and Bazanella, Alexandre Sanfelici and {Gonçalves da Silva}, Gustavo R.},
  year    = {2022},
  journal = {IEEE Transactions on Industrial Electronics},
  volume  = {69},
  number  = {3},
  pages   = {2967-2975},
  doi     = {10.1109/TIE.2021.3068664}
}
