@book{book:Aguirre2007-v1,
  title     = {Enciclopédia de automática: controle \& automação},
  author    = {Luis Antonio Aguirre and Augusto Humberto Bruciapaglia and Paulo Eigi Miyagi and Ricardo Hiroshi and Caldeira Takahashi},
  year      = {2007},
  address   = {São Paulo, SP, Brasil},
  publisher = {Blucher},
  volume    = {1},
  isbn      = {978-85-212-0408-4}
}

@book{book:Aguirre2007-v2,
  title     = {Enciclopédia de automática: controle \& automação},
  author    = {Luis Antonio Aguirre and Carlos Eduardo Pereira and José Roberto Castilho Piqueira and Pedro Luis Dias Peres},
  year      = {2007},
  address   = {São Paulo, SP, Brasil},
  publisher = {Blucher},
  volume    = {2},
  isbn      = {978-85-212-0772-6}
}

@book{book:Anderson1989,
  title     = {Optimal control: linear quadratic methods},
  author    = {Brian D. O. Anderson and John B. Moore},
  year      = {1989},
  address   = {Englewood Cliffs, NJ, Estados Unidos da América},
  publisher = {Prentice Hall},
  isbn      = {0-13-638651-2}
}

@book{book:Astrom2011,
  title     = {Computer-controlled systems: theory and design},
  author    = {Karl J. Åström and Björn Wittenmark},
  year      = {2011},
  address   = {Mineola, NY, Estados Unidos da América},
  publisher = {Dover},
  edition   = {3},
  isbn      = {978-0-486-48613-0}
}

@book{book:Bazanella2005,
  title     = {Sistemas de controle: princípios e métodos de projeto},
  author    = {Alexandre Sanfelice Bazanella and João Manoel {Gomes da Silva Jr}},
  year      = {2005},
  address   = {Porto Alegre, RS, Brasil},
  publisher = {Editora da UFRGS},
  isbn      = {978-85-7025-849-6}
}

@book{book:Bazanella2011,
  title     = {Data-driven controller design: the H2 approach},
  author    = {Alexandre Sanfelice Bazanella and Lucíola Campestrini and Diego Eckhard},
  year      = {2011},
  address   = {Dordrecht, ZH, Países Baixos},
  publisher = {Springer},
  isbn      = {978-94-007-2299-6}
}

@book{book:Boyd2004,
  title     = {Convex Optimization},
  author    = {Stephen Boyd and Lieven Vandenberghe},
  year      = {2004},
  address   = {Cambridge, Reino Unido},
  publisher = {Cambridge University Press},
  isbn      = {978-0-521-83378-3}
}

@book{book:Chen1995,
  title     = {Linear system theory and design},
  author    = {Chi-Tsong Chen},
  year      = {1995},
  address   = {Fort Worth, TX, Estados Unidos da América},
  publisher = {Oxford University Press},
  edition   = {2},
  isbn      = {0-03-060289-0}
}

@book{book:Chen1999,
  title     = {Linear system theory and design},
  author    = {Chi-Tsong Chen},
  year      = {1999},
  address   = {Nova Iorque, NY, Estados Unidos da América},
  publisher = {Oxford University Press},
  edition   = {3},
  isbn      = {0-19-511777-8}
}

@book{book:Cryer2008,
  title     = {Time series analysis with applications in R},
  author    = {Jonathan D. Cryer and Kung-Sik Chan},
  year      = {2008},
  publisher = {Springer},
  address   = {Nova Iorque, NY, Estados Unidos da América},
  edition   = {2},
  isbn      = {978-0-387-75958-6}
}

@book{book:Dorato1995,
  title     = {Linear-quadratic control: an introduction},
  author    = {Peter Dorato and Chaouki Abdallah and Vitor Cerone},
  year      = {1995},
  address   = {Englewood Cliffs, NJ, Estados Unidos da América},
  publisher = {Prentice Hall},
  isbn      = {0-02-3299962-2}
}

@book{book:Dorf2011,
  title     = {Modern control systems},
  author    = {Richard C. Dorf and Robert H. Bishop},
  year      = {2011},
  address   = {Upper Saddle River, NJ, Estados Unidos da América},
  publisher = {Prentice Hall},
  edition   = {12},
  isbn      = {978-0-13-602458-3}
}

@book{book:Kailath1980,
  title     = {Linear Systems},
  author    = {Thomas Kailath},
  year      = {1980},
  address   = {Englewood Cliffs, NJ, Estados Unidos da América},
  publisher = {Prentice Hall},
  isbn      = {0-13-536961-4}
}

@book{book:Khalil2002,
  title     = {Nonlinear systems},
  author    = {Hassan K. Khalil},
  year      = {2002},
  address   = {Upper Saddle River, NJ, Estados Unidos da América},
  publisher = {Prentice Hall},
  isbn      = {0-13-067389-7}
}

@book{book:Kwakernaak1972,
  title     = {Linear Optimal Control Systems},
  author    = {Huibert Kwakernaak and Raphael Sivan},
  year      = {1972},
  publisher = {Wiley-Interscience},
  isbn      = {0-471-51110-2}
}

@book{book:Lay2014,
  title     = {Álgebra linear e suas aplicações},
  author    = {David C. Lay},
  year      = {2014},
  address   = {Rio de Janeiro, RJ, Brasil},
  publisher = {LTC},
  edition   = {4},
  isbn      = {978-85-216-2209-3}
}

@book{book:Haykin2001,
  title     = {Sinais e sistemas},
  author    = {Simon Haykin and Barry D. {Van Veen}},
  year      = {2001},
  address   = {Porto Alegre, RS, Brasil},
  publisher = {Bookman},
  isbn      = {978-85-7307-741-4}
}

@book{book:LeonGarcia2008,
  title     = {Probability, statistics and random processes for electrical engineering},
  author    = {Alberto {Leon-Garcia}},
  year      = {2008},
  address   = {Upper Saddle River, NJ, Estados Unidos da América},
  publisher = {Pearson Prentice Hall},
  edition   = {3},
  isbn      = {978-0-13-147122-1}
}

@book{book:Ogata2010,
  title     = {Engenharia de controle moderno},
  author    = {Katsuhiko Ogata},
  year      = {2010},
  address   = {São Paulo, SP, Brasil},
  publisher = {Prentice Hall},
  edition   = {5},
  isbn      = {978-85-7605-810-6}
}

@book{book:Ostertag2011,
  title     = {Mono- and Multivariable Control and Estimation},
  author    = {Eric Ostertag},
  year      = {2011},
  address   = {Heidelberga, BW, Alemanha},
  publisher = {Springer},
  isbn      = {978-3-642-13733-4},
  doi       = {10.1007/978-3-642-13734-1}
}

@book{book:Rashid2011,
  title     = {Power electronics handbook: devices, circuits, and applications},
  author    = {Muhammad H. Rashid},
  year      = {2011},
  address   = {Burlington, NJ, Estados Unidos da América},
  publisher = {Elsevier},
  edition   = {3},
  isbn      = {978-0-12-382036-5}
}

@book{book:Sadiku2013,
  title     = {Fundamentos de circuitos elétricos},
  author    = {Charles K. Alexander and Matthew N. O. Sadiku},
  year      = {2013},
  address   = {Porto Alegre, RS, Brasil},
  publisher = {AMGH},
  edition   = {5},
  isbn      = {978-85-8055-172-3}
}

@book{book:Soderstrom1989,
  title     = {System Identification},
  author    = {Torsten Söderström and Petre Stoica},
  year      = {1989},
  address   = {Hemel Hempstead, Reino Unido},
  publihser = {Prentice Hall},
  isbn      = {0-13-881236-5}
}