@inproceedings{proceedings:Finn1993,
  author    = {S. D. {Finn}},
  booktitle = {Proceedings Eighth Annual Applied Power Electronics Conference and Exposition},
  title     = {A high performance inverter technology, architecture and applications},
  year      = {1993},
  publisher = {IEEE},
  pages     = {556-560},
  doi       = {10.1109/APEC.1993.290718}
}

@inproceedings{proceedings:Lee1998,
  author    = {C. S. Lee and S. Kim and C. B. Kim and S. C. Hong and J. S. Yoo and S. W. Kim and C. H. Kim and S. H. Woo and S. Y. Sun},
  booktitle = {IECON '98. Proceedings of the 24th Annual Conference of the IEEE Industrial Electronics Society},
  title     = {Parallel {UPS} with a instantaneous current sharing control},
  year      = {1998},
  volume    = {1},
  pages     = {568-573},
  doi       = {10.1109/IECON.1998.724306}
}

@inproceedings{proceedings:Campi2000,
  author    = {Marco Claudio Campi and Andrea Lecchini and Sergio Matteo Savaresi},
  booktitle = {Proceedings of the 39th IEEE Conference on Decision and Control},
  title     = {Virtual reference feedback tuning ({VRFT}): a new direct approach to the design of feedback controllers},
  year      = {2000},
  publisher = {IEEE},
  pages     = {623-629},
  doi       = {10.1109/CDC.2000.912835}
}

@inproceedings{proceedings:Lecchini2001,
  author    = {Andrea Lecchini and Marco Claudio Campi and Sergio Matteo Savaresi},
  booktitle = {2001 European Control Conference (ECC)},
  title     = {Virtual reference feedback tuning for two degree of freedom controllers},
  year      = {2001},
  publisher = {IEEE},
  pages     = {2416-2421},
  doi       = {10.23919/ECC.2001.7076288}
}

@inproceedings{proceedings:Oliveira2001,
  author    = {de Oliveira, Maurício C. and Skelton, Robert E.},
  editor    = {Moheimani, S.O. Reza},
  title     = {Stability tests for constrained linear systems},
  booktitle = {Perspectives in robust control},
  year      = {2001},
  publisher = {Springer London},
  address   = {Londres, Reino Unido},
  pages     = {241-257},
  isbn      = {978-1-84628-576-9}
}

@inproceedings{proceedings:Lofberg2004,
  author    = {Löfberg, J.},
  booktitle = {2004 {IEEE} International Conference on Robotics and Automation},
  title     = {{YALMIP}: a toolbox for modeling and optimization in MATLAB},
  year      = {2004},
  address   = {Taipei, Taiwan},
  pages     = {284-289},
  doi       = {10.1109/CACSD.2004.1393890}
}

@inproceedings{proceedings:Pereira2009,
  author    = {L. F. A. {Pereira} and G. {Bonan} and G. {Thomaz} and D. F. {Coutinho}},
  booktitle = {2009 Brazilian Power Electronics Conference},
  title     = {Robust PSC control design for sinusoidal tracking in uninterruptible power supplies},
  year      = {2009},
  pages     = {389-396},
  doi       = {10.1109/COBEP.2009.5347752}
}

@inproceedings{proceedings:Okui2009,
  author    = {Yoshiaki Okui and Shouichi Ohta and Naoya and Nakamura and Minoru Yanagisawa},
  booktitle = {INTELEC 2009 --- 31st International Telecommunications Energy Conference},
  title     = {Development of parallel processing type {UPS} using a novel independent control for parallel-connected {UPS} units},
  year      = {2009},
  pages     = {1-8},
  doi       = {10.1109/INTLEC.2009.5351968}
}

@inproceedings{proceedings:Goncalves2014,
  author    = {G. R. {Gonçalves da Silva} and L. Campestrini and A. S. Bazanella},
  booktitle = {XX Congresso Brasileiro de Automática},
  title     = {Automating the choice of the Reference Model for data-based control methods applied to {PID} controllers},
  year      = {2014},
  publisher = {SBA},
  pages     = {1088-1095}
}

@inproceedings{proceedings:Schildt2014,
  author    = {Alessandro Schildt and Luís Fernando Alves Pereira and Alexandre S. Bazanella},
  booktitle = {XX Congresso Brasileiro de Automática},
  title     = {Sintonia de controladores ressonantes baseado em dados aplicado a fontes ininterruptas de energia},
  year      = {2014},
  publisher = {SBA},
  pages     = {2260-2267}
}

@inproceedings{proceedings:Lorenzini2015,
  author    = {Charles Lorenzini and Jeferson Vieira Flores and Luís Fernando Alves Pereira and Aurélio Tergolina Salton and Rafael Silveira Castro},
  booktitle = {IECON 2015 - 41st Annual Conference of the IEEE Industrial Electronics Society},
  title     = {Repetitive controller with low-pass filter compensation applied to Uninterruptible Power Supplies ({UPS})},
  year      = {2015},
  pages     = {3551-3556},
  doi       = {10.1109/IECON.2015.7392651}
}

@inproceedings{proceedings:Corleta2016,
  author    = {André Corleta and Charles Lorenzini and Jeferson Vieira Flores and Lucíola Campestrini},
  booktitle = {2016 IEEE Conference on Control Applications (CCA)},
  title     = {Data-driven control design applied to uninterruptible power supplies},
  year      = {2016},
  pages     = {1312-1317},
  doi       = {10.1109/CCA.2016.7587988}
}
